@article{jeong2000evidence,
  title={Evidence that the 5?-end cap structure is essential for encapsidation of hepatitis B virus pregenomic RNA},
  author={Jeong, Jong-Keun and Yoon, Gye-Soon and Ryu, Wang-Shick},
  journal={Journal of virology},
  volume={74},
  number={12},
  pages={5502--5508},
  year={2000},
  publisher={Am Soc Microbiol}
}

@article{yang2014persistence,
  title={Persistence of hepatitis B virus covalently closed circular DNA in hepatocytes: molecular mechanisms and clinical significance},
  author={Yang, Hung-Chih and Kao, Jia-Horng},
  journal={Emerging microbes \& infections},
  volume={3},
  number={9},
  pages={e64},
  year={2014},
  publisher={Nature Publishing Group}
}

@article{yan2012sodium,
  title={Sodium taurocholate cotransporting polypeptide is a functional receptor for human hepatitis B and D virus},
  author={Yan, Huan and Zhong, Guocai and Xu, Guangwei and He, Wenhui and Jing, Zhiyi and Gao, Zhenchao and Huang, Yi and Qi, Yonghe and Peng, Bo and Wang, Haimin and others},
  journal={elife},
  volume={1},
  pages={e00049},
  year={2012},
  publisher={eLife Sciences Publications Limited}
}

@article{watashi2014ntcp,
  title={NTCP and beyond: opening the door to unveil hepatitis B virus entry},
  author={Watashi, Koichi and Urban, Stephan and Li, Wenhui and Wakita, Takaji},
  journal={International journal of molecular sciences},
  volume={15},
  number={2},
  pages={2892--2905},
  year={2014},
  publisher={Multidisciplinary Digital Publishing Institute}
}

@article{inoue2016hepatitis,
  title={Hepatitis B virus and its sexually transmitted infection-an update},
  author={Inoue, Takako and Tanaka, Yasuhito},
  journal={Microbial Cell},
  volume={3},
  number={9},
  pages={420},
  year={2016},
  publisher={Shared Science Publishers}
}


@article{locarnini2015strategies,
  title={Strategies to control hepatitis B: Public policy, epidemiology, vaccine and drugs},
  author={Locarnini, Stephen and Hatzakis, Angelos and Chen, Ding-Shinn and Lok, Anna},
  journal={Journal of hepatology},
  volume={62},
  number={1},
  pages={S76--S86},
  year={2015},
  publisher={Elsevier}
}

@article{world2017global,
  title={Global Hepatitis Report 2017. Geneva: World Health Organization},
  OPTauthor={World Health Organization and others},
  year={2017},
  OPTpublisher={World Health Organization}
}


@article{machaira2014hepatitis,
  title={Hepatitis B vaccine alone or with hepatitis B immunoglobulin in neonates of HBsAg+/HBeAg- mothers: a systematic review and meta-analysis},
  author={Machaira, Maria and Papaevangelou, Vassiliki and Vouloumanou, Evridiki K and Tansarli, Giannoula S and Falagas, Matthew E},
  journal={Journal of Antimicrobial Chemotherapy},
  volume={70},
  number={2},
  pages={396--404},
  year={2014},
  publisher={Oxford University Press}
}

@article{chen2012effects,
  title={Effects of maternal screening and universal immunization to prevent mother-to-infant transmission of HBV},
  author={Chen, Huey--Ling and Lin, Lung--Huang and Hu, Fu--Chang and Lee, Jian--Te and Lin, Wen--Terng and Yang, Yao--Jung and Huang, Fu--Chen and Wu, Shu--Fen and Chen, Solomon Chih--Cheng and Wen, Wan--Hsin and others},
  journal={Gastroenterology},
  volume={142},
  number={4},
  pages={773--781},
  year={2012},
  publisher={Elsevier}
}

@article{chisari2010pathogenesis,
  title={Pathogenesis of hepatitis B virus infection},
  author={Chisari, Francis V and Isogawa, Masanori and Wieland, Stefan F},
  journal={Pathologie Biologie},
  volume={58},
  number={4},
  pages={258--266},
  year={2010},
  publisher={Elsevier}
}

@article{wieland2005stealth,
  title={Stealth and cunning: hepatitis B and hepatitis C viruses},
  author={Wieland, Stefan F and Chisari, Francis V},
  journal={Journal of virology},
  volume={79},
  number={15},
  pages={9369--9380},
  year={2005},
  publisher={Am Soc Microbiol}
}

@article{chen2004function,
  title={A function of the hepatitis B virus precore protein is to regulate the immune response to the core antigen},
  author={Chen, Margaret T and Billaud, Jean-Noel and S{\"a}llberg, Matti and Guidotti, Luca G and Chisari, Francis V and Jones, Joyce and Hughes, Janice and Milich, David R},
  journal={Proceedings of the National Academy of Sciences of the United States of America},
  volume={101},
  number={41},
  pages={14913--14918},
  year={2004},
  publisher={National Acad Sciences}
}

@article{webster2004longitudinal,
  title={Longitudinal analysis of CD8+ T cells specific for structural and nonstructural hepatitis B virus proteins in patients with chronic hepatitis B: implications for immunotherapy},
  author={Webster, George JM and Reignat, Stephanie and Brown, David and Ogg, Graham S and Jones, Louise and Seneviratne, Suranjith L and Williams, Roger and Dusheiko, Geoffrey and Bertoletti, Antonio},
  journal={Journal of virology},
  volume={78},
  number={11},
  pages={5707--5719},
  year={2004},
  publisher={Am Soc Microbiol}
}

@article{reignat2002escaping,
  title={Escaping high viral load exhaustion},
  author={Reignat, Stephanie and Webster, George JM and Brown, David and Ogg, Graham S and King, Abigail and Seneviratne, Suranjith L and Dusheiko, Geoff and Williams, Roger and Maini, Mala K and Bertoletti, Antonio},
  journal={Journal of Experimental Medicine},
  volume={195},
  number={9},
  pages={1089--1101},
  year={2002},
  publisher={Rockefeller University Press}
}

@article{matsubara1990integration,
  title={Integration of hepatitis B virus DNA and its implications for hepatocarcinogenesis.},
  author={Matsubara, K and Tokino, T},
  journal={Molecular biology \& medicine},
  volume={7},
  number={3},
  pages={243--260},
  year={1990}
}

@article{kremsdorf2006hepatitis,
  title={Hepatitis B virus-related hepatocellular carcinoma: paradigms for viral-related human carcinogenesis},
  author={Kremsdorf, D and Soussan, P and Paterlini-Brechot, P and Brechot, C},
  journal={Oncogene},
  volume={25},
  number={27},
  pages={3823},
  year={2006},
  publisher={Nature Publishing Group}
}

@article{ay2005trends,
  title={Trends of hepatitis B notification rates in Turkey, 1990 to 2012},
  author={Ay, P and Torunoglu, MA and Com, S and {\c{C}}ipil, Z and Mollahalilo{\u{g}}lu, S and Erkoc, Y and Dilmen, U},
  journal={Target},
  pages={06},
  year={2005}
}

@article{webster2000incubation,
  title={Incubation phase of acute hepatitis B in man: dynamic of cellular immune mechanisms},
  author={Webster, George JM and Reignat, Stephanie and Maini, Mala K and Whalley, Simon A and Ogg, Graham S and King, Abigail and Brown, David and Amlot, Peter L and Williams, Roger and Vergani, Diego and others},
  journal={Hepatology},
  volume={32},
  number={5},
  pages={1117--1124},
  year={2000},
  publisher={Wiley Online Library}
}

@article{martinot2002serum,
  title={Serum hepatitis B virus DNA levels and liver histology in inactive HBsAg carriers},
  author={Martinot-Peignoux, Michelle and Boyer, Nathalie and Colombat, Magalie and Akremi, Rahouda and Pham, Bach-Nga and Ollivier, Stephan and Castelnau, Corinne and Valla, Donimique and Degott, Claude and Marcellin, Patrick},
  journal={Journal of hepatology},
  volume={36},
  number={4},
  pages={543--546},
  year={2002},
  publisher={Elsevier}
}


@article{liaw1991incidence,
  title={Incidence, determinants and significance of delayed clearance of serum HBsAg in chronic hepatitis B virus infection: a prospective study},
  author={Liaw, Yun-Fan and Sheen, I and Chen, Tong-Jong and Chu, Chia-Ming and Pao, Chia-C and others},
  journal={Hepatology},
  volume={13},
  number={4},
  pages={627--631},
  year={1991},
  publisher={Wiley Online Library}
}


@article{liu2010incidence,
  title={Incidence and determinants of spontaneous hepatitis B surface antigen seroclearance: a community-based follow-up study},
  author={Liu, Jessica and Yang, Hwai--I and Lee, Mei--Hsuan and Lu, Sheng--Nan and Jen, Chin--Lan and Wang, Li--Yu and You, San--Lin and Iloeje, Uchenna H and Chen, Chien--Jen and REVEAL-HBV Study Group and others},
  journal={Gastroenterology},
  volume={139},
  number={2},
  pages={474--482},
  year={2010},
  publisher={Elsevier}
}

@article{manno2004natural,
  title={Natural history of chronic HBV carriers in northern Italy: morbidity and mortality after 30 years},
  author={Manno, Mauro and Camm{\`a}, Calogero and Schepis, Filippo and Bassi, Fabio and Gelmini, Roberta and Giannini, Francesco and Miselli, Francesca and Grottola, Antonella and Ferretti, Ilva and Vecchi, Chiara and others},
  journal={Gastroenterology},
  volume={127},
  number={3},
  pages={756--763},
  year={2004},
  publisher={Elsevier}
}

@online{whohepatitis,
ALTauthor = {World Health Organization and others},
ALTeditor = {editor},
title = {WHO Hepatitis B Fact Sheet},
date = {July 2017},
url = {http://www.who.int/mediacentre/factsheets/fs204/en/},
OPTsubtitle = {subtitle},
OPTtitleaddon = {titleaddon},
OPTlanguage = {Eng},
OPTversion = {version},
OPTnote = {note},
OPTorganization = {organization},
OPTdate = {date},
OPTmonth = {September},
OPTyear = {2017},
OPTaddendum = {addendum},
OPTpubstate = {pubstate},
OPTurldate = {urldate},
}


@article{toy2011age,
  title={Age-and region-specific hepatitis B prevalence in Turkey estimated using generalized linear mixed models: a systematic review},
  author={Toy, Mehlika and {\"O}nder, Fatih Oguz and W{\"o}rmann, Tanja and Bozdayi, A Mithat and Schalm, Solko W and Borsboom, Gerard J and van Rosmalen, Joost and Richardus, Jan Hendrik and Yurdaydin, Cihan},
  journal={BMC infectious diseases},
  volume={11},
  number={1},
  pages={337},
  year={2011},
  publisher={BioMed Central}
}

@article{liang2009hepatitis,
  title={Hepatitis B: the virus and disease},
  author={Liang, T Jake},
  journal={Hepatology},
  volume={49},
  number={S5},
  year={2009},
  publisher={Wiley Online Library}
}

@article{urban2010replication,
  title={The replication cycle of hepatitis B virus},
  author={Urban, Stephan and Schulze, Andreas and Dandri, Maura and Petersen, Joerg},
  journal={Journal of hepatology},
  volume={52},
  number={2},
  pages={282--284},
  year={2010},
  publisher={Elsevier}
}


@misc{jawetz2013adelberg,
  title={Adelberg's Medical Microbiology. Twenty},
  author={Jawetz, Melnick},
  year={2013},
  publisher={McGraw-Hill Companies, Inc}
}

@article{hoofnagle1987chronic,
  title={Chronic type B hepatitis and the “healthy” HBsAg carrier state},
  author={Hoofnagle, Jay H and Shafritz, David A and Popper, Hans},
  journal={Hepatology},
  volume={7},
  number={4},
  pages={758--763},
  year={1987},
  publisher={Wiley Online Library}
}


@article{lok2001management,
  title={Management of hepatitis B: 2000—summary of a workshop},
  author={Lok, Anna S and Heathcote, E Jenny and Hoofnagle, Jay H},
  journal={Gastroenterology},
  volume={120},
  number={7},
  pages={1828--1853},
  year={2001},
  publisher={Elsevier}
}

@article{chu2002quantitative,
  title={Quantitative serum HBV DNA levels during different stages of chronic hepatitis B infection},
  author={Chu, Chi-Jen and Hussain, Munira and Lok, Anna SF},
  journal={Hepatology},
  volume={36},
  number={6},
  pages={1408--1415},
  year={2002},
  publisher={Wiley Online Library}
}

@article{cacciola2005virological,
  title={Virological profiles in hepatitis B virus inactive carriers: monthly evaluation in 1-year follow-up study},
  author={Cacciola, Irene and Spatari, Giovanna and Pollicino, Teresa and Costantino, Lucy and Zimbaro, Giovanni and Brancatelli, Santa and Fenga, Concettina and Caccamo, Gaia and Squadrito, Giovanni and Raimondo, Giovanni},
  journal={Liver International},
  volume={25},
  number={3},
  pages={555--563},
  year={2005},
  publisher={Wiley Online Library}
}

@article{papatheodoridis2012follow,
  title={Follow-up and indications for liver biopsy in HBeAg-negative chronic hepatitis B virus infection with persistently normal ALT: a systematic review},
  author={Papatheodoridis, George V and Manolakopoulos, Spilios and Liaw, Yun-Fan and Lok, Anna},
  journal={Journal of hepatology},
  volume={57},
  number={1},
  pages={196--202},
  year={2012},
  publisher={Elsevier}
}

@article{puoti2013hbsag,
  title={HBsAg carriers with normal ALT levels: Healthy carriers or true patients?},
  author={Puoti, Claudio},
  journal={British Journal of Medical Practitioners},
  volume={6},
  number={1},
  year={2013}
}

@article{vhsd2017,
  title={Türkiye Viral Hepatitler Tanı ve Tedavi Kılavuzu},
  OPTauthor={Puoti, Claudio},
  OPTjournal={British Journal of Medical Practitioners},
  year={2017}
}

@article{pita2014hepatitis,
  title={Hepatitis B inactive carriers: An overlooked population?},
  author={Pita, In{\^e}s and Horta-Vale, Ana Maria and Cardoso, H{\'e}lder and Macedo, Guilherme},
  journal={GE Portuguese Journal of Gastroenterology},
  volume={21},
  number={6},
  pages={241--249},
  year={2014},
  publisher={Elsevier}
}

@article{lok2009chronic,
  title={Chronic hepatitis B: update 2009},
  author={Lok, Anna SF and McMahon, Brian J},
  journal={Hepatology},
  volume={50},
  number={3},
  pages={661--662},
  year={2009},
  publisher={Wiley Online Library}
}

@article{villa2011natural,
  title={Natural history of chronic HBV infection: special emphasis on the prognostic implications of the inactive carrier state versus chronic hepatitis},
  author={Villa, Erica and Fattovich, Giovanna and Mauro, Antonella and Pasino, Michela},
  journal={Digestive and Liver Disease},
  volume={43},
  pages={S8--S14},
  year={2011},
  publisher={Elsevier}
}

@article{papatheodoridis2008longitudinal,
  title={Longitudinal changes in serum HBV DNA levels and predictors of progression during the natural course of HBeAg-negative chronic hepatitis B virus infection},
  author={Papatheodoridis, GV and Chrysanthos, N and Hadziyannis, E and Cholongitas, E and Manesis, EK},
  journal={Journal of viral hepatitis},
  volume={15},
  number={6},
  pages={434--441},
  year={2008},
  publisher={Wiley Online Library}
}


@article{chu2007spontaneous,
  title={Spontaneous relapse of hepatitis in inactive HBsAg carriers},
  author={Chu, Chia-Ming and Liaw, Yun-Fan},
  journal={Hepatology international},
  volume={1},
  number={2},
  pages={311--315},
  year={2007},
  publisher={Springer}
}

@article{kumar2009spontaneous,
  title={Spontaneous increases in alanine aminotransferase levels in asymptomatic chronic hepatitis B virus-infected patients},
  author={Kumar, Manoj and Chauhan, Ranjit and Gupta, Nitin and Hissar, Syed and Sakhuja, Puja and Sarin, Shiv K},
  journal={Gastroenterology},
  volume={136},
  number={4},
  pages={1272--1280},
  year={2009},
  publisher={Elsevier}
}
@article{tong2013hepatitis,
  title={Hepatitis B inactive carriers: clinical course and outcomes},
  author={Tong, Myron J and Trieu, Judy},
  journal={Journal of digestive diseases},
  volume={14},
  number={6},
  pages={311--317},
  year={2013},
  publisher={Wiley Online Library}
}

@article{zacharakis2008role,
  title={The role of serial measurement of serum HBV DNA levels in patients with chronic HBeAg (-) hepatitis B infection: association with liver disease progression. A prospective cohort study},
  author={Zacharakis, George and Koskinas, John and Kotsiou, Stamatia and Tzara, Fevronia and Vafeiadis, Nikolaos and Papoutselis, Menelaos and Maltezos, Eustratios and Sivridis, Eleftherios and Papoutselis, Kostantinos},
  journal={Journal of hepatology},
  volume={49},
  number={6},
  pages={884--891},
  year={2008},
  publisher={Elsevier}
}

@article{yeo2006diagnosis,
  title={Diagnosis, prevention and management of hepatitis B virus reactivation during anticancer therapy},
  author={Yeo, Winnie and Johnson, Philip J},
  journal={Hepatology},
  volume={43},
  number={2},
  pages={209--220},
  year={2006},
  publisher={Wiley Online Library}
}

@article{yeo2008hepatitis,
  title={Hepatitis B virus reactivation in lymphoma patients with prior resolved hepatitis B undergoing anticancer therapy with or without rituximab},
  author={Yeo, Winnie and Chan, Tung C and Leung, Nancy WY and Lam, Wai Y and Mo, Frankie KF and Chu, Miu Ting and Chan, Henry LY and Hui, Edwin P and Lei, Kenny IK and Mok, Tony SK and others},
  journal={Journal of Clinical Oncology},
  volume={27},
  number={4},
  pages={605--611},
  year={2008},
  publisher={American Society of Clinical Oncology}
}

@article{xuan2014hepatitis,
  title={Hepatitis reactivation in patients with rheumatic diseases after immunosuppressive therapy—a report of long-term follow-up of serial cases and literature review},
  author={Xuan, Dandan and Yu, Yiqi and Shao, Linyun and Wang, Jiali and Zhang, Wenhong and Zou, Hejian},
  journal={Clinical rheumatology},
  volume={33},
  number={4},
  pages={577--586},
  year={2014},
  publisher={Springer}
}


@article{yuen2008hbsag,
  title={HBsAg Seroclearance in chronic hepatitis B in Asian patients: replicative level and risk of hepatocellular carcinoma},
  author={Yuen, Man--Fung and Wong, Danny Ka--Ho and Fung, James and Ip, Philip and But, David and Hung, Ivan and Lau, Kevin and Yuen, John Chi--Hang and Lai, Ching--Lung},
  journal={Gastroenterology},
  volume={135},
  number={4},
  pages={1192--1199},
  year={2008},
  publisher={Elsevier}
}


@article{enfeksiyonlar3willke,
  title={Enfeksiyon Hastal{\i}klar{\i} ve Mikrobiyolojisi, Cilt 2},
  author={Top{\c{c}}u, Ay{\c{s}}e Willke and S{\"o}yletir, G{\"u}ner and Do{\u{g}}anay, Mehmet},
  volume={4},
  pages={1670--1688},
  year={2017},
  publisher={Nobel T{\i}p Kitabevleri}
}

@article{le2009pre,
  title={The pre-S1 and antigenic loop infectivity determinants of the hepatitis B virus envelope proteins are functionally independent},
  author={Le Duff, Yann and Blanchet, Matthieu and Sureau, Camille},
  journal={Journal of virology},
  volume={83},
  number={23},
  pages={12443--12451},
  year={2009},
  publisher={Am Soc Microbiol}
}

@article{boeijen2017hepatitis,
  title={Hepatitis B virus infection and the immune response: The big questions},
  author={Boeijen, Lauke L and Hoogeveen, Ruben C and Boonstra, Andre and Lauer, Georg M},
  journal={Best Practice \& Research Clinical Gastroenterology},
  year={2017},
  publisher={Elsevier}
}

@article{sato2015rna,
  title={The RNA sensor RIG-I dually functions as an innate sensor and direct antiviral factor for hepatitis B virus},
  author={Sato, Seiichi and Li, Kai and Kameyama, Takeshi and Hayashi, Takaya and Ishida, Yuji and Murakami, Shuko and Watanabe, Tsunamasa and Iijima, Sayuki and Sakurai, Yu and Watashi, Koichi and others},
  journal={Immunity},
  volume={42},
  number={1},
  pages={123--132},
  year={2015},
  publisher={Elsevier}
}

@article{wieland2004genomic,
  title={Genomic analysis of the host response to hepatitis B virus infection},
  author={Wieland, Stefan and Thimme, Robert and Purcell, Robert H and Chisari, Francis V},
  journal={Proceedings of the National Academy of Sciences of the United States of America},
  volume={101},
  number={17},
  pages={6669--6674},
  year={2004},
  publisher={National Acad Sciences}
}

@article{bertoletti2016adaptive,
  title={Adaptive immunity in HBV infection},
  author={Bertoletti, Antonio and Ferrari, Carlo},
  journal={Journal of hepatology},
  volume={64},
  number={1},
  pages={S71--S83},
  year={2016},
  publisher={Elsevier}
}

@article{raziorrouh2010immunoregulatory,
  title={The immunoregulatory role of CD244 in chronic hepatitis B infection and its inhibitory potential on virus-specific CD8+ T-cell function},
  author={Raziorrouh, Bijan and Schraut, Winfried and Gerlach, Tilman and Nowack, Daniela and Gr{\"u}ner, Norbert H and Ulsenheimer, Axel and Zachoval, Reinhart and W{\"a}chtler, Martin and Spannagl, Michael and Haas, J{\"u}rgen and others},
  journal={Hepatology},
  volume={52},
  number={6},
  pages={1934--1947},
  year={2010},
  publisher={Wiley Online Library}
}

@article{schurich2011role,
  title={Role of the coinhibitory receptor cytotoxic T lymphocyte antigen-4 on apoptosis-Prone CD8 T cells in persistent hepatitis B virus infection},
  author={Schurich, Anna and Khanna, Pooja and Lopes, A Ross and Han, Ki Jun and Peppa, Dimitra and Micco, Lorenzo and Nebbia, Gaia and Kennedy, Patrick TF and Geretti, Anna-Maria and Dusheiko, Geoffrey and others},
  journal={Hepatology},
  volume={53},
  number={5},
  pages={1494--1503},
  year={2011},
  publisher={Wiley Online Library}
}

@article{european2017easl,
  title={EASL 2017 Clinical Practice Guidelines on the management of hepatitis B virus infection},
  author={European Association for The Study of the Liver and others},
  journal={Journal of Hepatology},
  year={2017},
  publisher={Elsevier}
}

@article{mason2016hbv,
  title={HBV DNA integration and clonal hepatocyte expansion in chronic hepatitis B patients considered immune tolerant},
  author={Mason, William S and Gill, Upkar S and Litwin, Samuel and Zhou, Yan and Peri, Suraj and Pop, Oltin and Hong, Michelle LW and Naik, Sandhia and Quaglia, Alberto and Bertoletti, Antonio and others},
  journal={Gastroenterology},
  volume={151},
  number={5},
  pages={986--998},
  year={2016},
  publisher={Elsevier}
}

@article{sarin2016asian,
  title={Asian-Pacific clinical practice guidelines on the management of hepatitis B: a 2015 update},
  author={Sarin, SK and Kumar, M and Lau, GK and Abbas, Z and Chan, HLY and Chen, CJ and Chen, DS and Chen, HL and Chen, PJ and Chien, RN and others},
  journal={Hepatology international},
  volume={10},
  number={1},
  pages={1--98},
  year={2016},
  publisher={Springer}
}

@article{terrault2016aasld,
  title={AASLD guidelines for treatment of chronic hepatitis B},
  author={Terrault, Norah A and Bzowej, Natalie H and Chang, Kyong-Mi and Hwang, Jessica P and Jonas, Maureen M and Murad, M Hassan},
  journal={Hepatology},
  volume={63},
  number={1},
  pages={261--283},
  year={2016},
  publisher={Wiley Online Library}
}

@article{chayanupatkul2017hepatocellular,
  title={Hepatocellular carcinoma in the absence of cirrhosis in patients with chronic hepatitis B virus infection},
  author={Chayanupatkul, Maneerat and Omino, Ronald and Mittal, Sahil and Kramer, Jennifer R and Richardson, Peter and Thrift, Aaron P and El-Serag, Hashem B and Kanwal, Fasiha},
  journal={Journal of hepatology},
  volume={66},
  number={2},
  pages={355--362},
  year={2017},
  publisher={Elsevier}
}

@article{fattovich2008natural,
  title={Natural history of chronic hepatitis B: special emphasis on disease progression and prognostic factors},
  author={Fattovich, Giovanna and Bortolotti, Flavia and Donato, Francesco},
  journal={Journal of hepatology},
  volume={48},
  number={2},
  pages={335--352},
  year={2008},
  publisher={Elsevier}
}

@article{chen2010carriers,
  title={Carriers of inactive hepatitis B virus are still at risk for hepatocellular carcinoma and liver-related death},
  author={Chen, Jin--De and Yang, Hwai--I and Iloeje, Uchenna H and You, San--Lin and Lu, Sheng--Nan and Wang, Li--Yu and Su, Jun and Sun, Chien--An and Liaw, Yun--Fan and Chen, Chien--Jen and others},
  journal={Gastroenterology},
  volume={138},
  number={5},
  pages={1747--1754},
  year={2010},
  publisher={Elsevier}
}

@article{yip2017impact,
  title={Impact of age and gender on risk of hepatocellular carcinoma after hepatitis B surface antigen seroclearance},
  author={Yip, Terry Cheuk-Fung and Chan, Henry Lik-Yuen and Wong, Vincent Wai-Sun and Tse, Yee-Kit and Lam, Kelvin Long-Yan and Wong, Grace Lai-Hung},
  journal={Journal of Hepatology},
  year={2017},
  publisher={Elsevier}
}

@article{chan2004genotype,
  title={Genotype C hepatitis B virus infection is associated with an increased risk of hepatocellular carcinoma},
  author={Chan, H LY and Hui, AY and Wong, ML and Tse, A ML and Hung, L CT and Wong, V WS and Sung, J JY},
  journal={Gut},
  volume={53},
  number={10},
  pages={1494--1498},
  year={2004},
  publisher={BMJ Publishing Group}
}

@article{papatheodoridis2008longitudinal,
  title={Longitudinal changes in serum HBV DNA levels and predictors of progression during the natural course of HBeAg-negative chronic hepatitis B virus infection},
  author={Papatheodoridis, GV and Chrysanthos, N and Hadziyannis, E and Cholongitas, E and Manesis, EK},
  journal={Journal of viral hepatitis},
  volume={15},
  number={6},
  pages={434--441},
  year={2008},
  publisher={Wiley Online Library}
}

@article{arif2014mri,
  title={MRI of hepatocellular carcinoma: an update of current practices},
  author={Arif-Tiwari, Hina and Kalb, Bobby and Chundru, Surya and Sharma, Puneet and Costello, James and Guessner, Rainner W and Martin, Diego R},
  journal={Diagnostic and Interventional Radiology},
  volume={20},
  number={3},
  pages={209},
  year={2014},
  publisher={Turkish Society of Radiology}
}

@article{bruix2011management,
  title={Management of hepatocellular carcinoma: an update},
  author={Bruix, Jordi and Sherman, Morris},
  journal={Hepatology},
  volume={53},
  number={3},
  pages={1020--1022},
  year={2011},
  publisher={Wiley Online Library}
}

@article{hennedige2012imaging,
  title={Imaging of hepatocellular carcinoma: diagnosis, staging and treatment monitoring},
  author={Hennedige, Tiffany and Venkatesh, Sudhakar Kundapur},
  journal={Cancer Imaging},
  volume={12},
  number={3},
  pages={530},
  year={2012},
  publisher={BioMed Central}
}

@article{guido2011chronic,
  title={Chronic viral hepatitis: the histology report},
  author={Guido, Maria and Mangia, Alessandra and Faa, Gavino and others},
  journal={Digestive and Liver Disease},
  volume={43},
  pages={S331--S343},
  year={2011},
  publisher={Elsevier}
}

@article{standish2006appraisal,
  title={An appraisal of the histopathological assessment of liver fibrosis},
  author={Standish, RA and Cholongitas, E and Dhillon, A and Burroughs, AK and Dhillon, AP},
  journal={Gut},
  volume={55},
  number={4},
  pages={569--578},
  year={2006},
  publisher={BMJ Publishing Group}
}

@reference{oecd2017,
title={OECD (2017), Health at a Glance 2017: OECD Indicators},
publisher={OECD Publishing},
location={Paris},
url = {http://dx.doi.org/10.1787/health_glance-2017-en},
urldate = {11.11.2017}
}

@reference{sektor17,
OPTeditor = {editor},
title = {Türkiye İlaç Sektörü 2016},
date = {date},
OPTeditora = {editora},
OPTeditorb = {editorb},
OPTeditorc = {editorc},
OPTtranslator = {translator},
OPTannotator = {annotator},
OPTcommentator = {commentator},
OPTintroduction = {introduction},
OPTforeword = {foreword},
OPTafterword = {afterword},
OPTsubtitle = {subtitle},
OPTtitleaddon = {titleaddon},
OPTmaintitle = {maintitle},
OPTmainsubtitle = {mainsubtitle},
OPTmaintitleaddon = {maintitleaddon},
OPTlanguage = {language},
OPToriglanguage = {origlanguage},
OPTvolume = {volume},
OPTpart = {part},
OPTedition = {edition},
OPTvolumes = {volumes},
OPTseries = {series},
OPTnumber = {number},
OPTnote = {note},
publisher = {İlaç Endüstrisi İşverenler Sendikası},
OPTlocation = {location},
OPTisbn = {isbn},
OPTchapter = {chapter},
OPTpages = {pages},
OPTpagetotal = {pagetotal},
OPTaddendum = {addendum},
OPTpubstate = {pubstate},
OPTdoi = {doi},
OPTeprint = {eprint},
OPTeprintclass = {eprintclass},
OPTeprinttype = {eprinttype},
url = {http://www.ieis.org.tr/ieis/assets/media/Raporlar/TR_Sektor_raporu_2016.pdf},
urldate = {11.11.2017},
}

@article{martinot2013prediction,
  title={Prediction of disease reactivation in asymptomatic hepatitis B e antigen-negative chronic hepatitis B patients using baseline serum measurements of HBsAg and HBV-DNA},
  author={Martinot-Peignoux, Michelle and Lapalus, Martine and Laou{\'e}nan, C{\'e}dric and Lada, Olivier and Netto-Cardoso, Ana Carolina Ferreira and Boyer, Nathalie and Ripault, Marie Pierre and Carvalho-Filho, Roberto and Asselah, Tarik and Marcellin, Patrick},
  journal={Journal of Clinical Virology},
  volume={58},
  number={2},
  pages={401--407},
  year={2013},
  publisher={Elsevier}
}

@article{habersetzer2015loss,
  title={Loss of hepatitis B surface antigen in a real-life clinical cohort of patients with chronic hepatitis B virus infection},
  author={Habersetzer, Fran{\c{c}}ois and Moenne-Loccoz, R{\'e}my and Meyer, Nicolas and Schvoerer, Evelyne and Simo-Noumbissie, Pauline and Dritsas, Stavros and Baumert, Thomas F and Doffo{\"e}l, Michel},
  journal={Liver International},
  volume={35},
  number={1},
  pages={130--139},
  year={2015},
  publisher={Wiley Online Library}
}

@article{magalhaes2015hepatitis,
  title={Hepatitis B Virus Inactive Carriers: Which Follow-up Strategy?},
  author={Magalh{\~a}es, Maria Jo{\~a}o and Pedroto, Isabel},
  journal={GE Portuguese Journal of Gastroenterology},
  volume={22},
  number={2},
  pages={47--51},
  year={2015},
  publisher={Elsevier}
}

@article{oliveri2017long,
  title={Long-term outcome of inactive and active, low viraemic HBeAg-negative-hepatitis B virus infection: Benign course towards HBsAg clearance},
  author={Oliveri, Filippo and Surace, Lidia and Cavallone, Daniela and Colombatto, Piero and Ricco, Gabriele and Salvati, Nicola and Coco, Barbara and Romagnoli, Veronica and Gattai, Riccardo and Salvati, Antonio and others},
  journal={Liver International},
  year={2017},
  publisher={Wiley Online Library}
}

@article{gigi2007long,
  title={Long term follow-up of a large cohort of inactive HBsAg (+)/HBeAg (-)/anti-HBe (+) carriers in Greece},
  author={Gigi, Eleni and Lalla, Thalia and Orphanou, Eleni and Sinakos, Emmanuel and Vrettou, Eleni and Raptopoulou-Gigi, Maria},
  journal={JOURNAL OF GASTROINTESTINAL AND LIVER DISEASES},
  volume={16},
  number={1},
  pages={19},
  year={2007},
  publisher={NOT KNOWN}
}

@article{chu2007hbsag,
  title={HBsAg seroclearance in asymptomatic carriers of high endemic areas: Appreciably high rates during a long-term follow-up},
  author={Chu, Chia-Ming and Liaw, Yun-Fan},
  journal={Hepatology},
  volume={45},
  number={5},
  pages={1187--1192},
  year={2007},
  publisher={Wiley Online Library}
}

@article{chu2007spontaneous,
  title={Spontaneous relapse of hepatitis in inactive HBsAg carriers},
  author={Chu, Chia-Ming and Liaw, Yun-Fan},
  journal={Hepatology international},
  volume={1},
  number={2},
  pages={311--315},
  year={2007},
  publisher={Springer}
}

@article{hsu2002long,
  title={Long-term outcome after spontaneous HBeAg seroconversion in patients with chronic hepatitis B},
  author={Hsu, Yao-Shih and Chien, Rong-Nan and Yeh, Chau-Ting and Sheen, I and Chiou, Hung-Yi and Chu, Chia-Ming and Liaw, Yun-Fan and others},
  journal={Hepatology},
  volume={35},
  number={6},
  pages={1522--1527},
  year={2002},
  publisher={Wiley Online Library}
}

@article{taida2017prognosis,
  title={The prognosis of hepatitis B inactive carriers in Japan: a multicenter prospective study},
  author={Taida, Takashi and Arai, Makoto and Kanda, Tatsuo and Hige, Shuhei and Ueno, Yoshiyuki and Imazeki, Fumio and Izumi, Namiki and Tanaka, Eiji and Shinkai, Noboru and Yoshioka, Kentaro and others},
  journal={Journal of gastroenterology},
  volume={52},
  number={1},
  pages={113--122},
  year={2017},
  publisher={Springer}
}

@article{alahdab17transient,
  title={Transient Elastografi (Fibroscan{\textregistered}): Karaci{\u{g}}er Fibrozisinin De{\u{g}}erlendirilmesinde Yeni Ufuk},
  author={Alahdab, Ye{\c{s}}im {\"O}ZEN and Y{\i}lmaz, Y},
  journal={G{\"u}ncel Gastroenteroloji},
  volume={17},
  pages={59--64}
}

@online{tuik2017,
OPTALTauthor = {author},
OPTALTeditor = {editor},
title = {Türkiye İstatistik Kurumu Haber Bülteni, Sağlık Harcamaları İstatistiği, 2016},
date = {date},
url = {www.tuik.gov.tr/PdfGetir.do?id=24574},
OPTsubtitle = {subtitle},
OPTtitleaddon = {titleaddon},
OPTlanguage = {language},
OPTversion = {version},
OPTnote = {note},
OPTorganization = {organization},
OPTdate = {date},
OPTmonth = {month},
OPTyear = {year},
OPTaddendum = {addendum},
OPTpubstate = {pubstate},
OPTurldate = {urldate},
}

@article{tai2009long,
  title={Long-term outcome of hepatitis B e antigen--negative hepatitis B surface antigen carriers in relation to changes of alanine aminotransferase levels over time},
  author={Tai, Dar-In and Lin, Shi-Ming and Sheen, I-shyan and Chu, Chia-Ming and Lin, Deng-Yn and Liaw, Yun-Fan and others},
  journal={Hepatology},
  volume={49},
  number={6},
  pages={1859--1867},
  year={2009},
  publisher={Wiley Online Library}
}

@article{karahasanouglu2013costs,
  title={Costs of treatment, follow-up, and complications of chronic hepatitis B and hepatitis C infections},
  author={Karahasano{\u{g}}lu, Fatma Banu and Asan, Ali and Sacar, Suzan and Turgut, H{\"u}seyin},
  journal={Balkan medical journal},
  volume={30},
  number={4},
  pages={375},
  year={2013},
  publisher={AVES}
}

@article{tosun2007hepatit,
  title={Hepatit B Virus {\.I}nfeksiyonu {\.I}le Sava{\c{s}}{\i}mda {\"U}lke Kaynaklar{\i}n{\i}n Ekonomik Kullan{\i}m{\i}},
  author={Tosun, Selma and Ayhan, Mehmet Semih and {\.I}sbir, Bing{\"u}l},
  journal={Viral Hepatit Dergisi},
  volume={12},
  pages={137--41},
  year={2007}
}